@BOOK{comunidad,
author = {J.R.R. Tolkien},
title = {El señor de los anillos: La comunidad del anillo},
publisher = {Minotauro},
year = {1997},
pages = {544},
edition={Tercera}
}

@BOOK{torres,
author = {J.R.R. Tolkien},
title = {El señor de los anillos: Las dos torres},
publisher = {Minotauro},
year = {1997},
pages = {498},
edition={Tercera}
}

@BOOK{retorno,
author = {J.R.R. Tolkien},
title = {El señor de los anillos: El retorno del rey},
publisher = {Minotauro},
year = {1997},
pages = {450},
edition={Tercera}
}